@book{wasserman1994social,
  title={Social network analysis: Methods and applications},
  author={Wasserman, Stanley and Faust, Katherine},
  volume={8},
  year={1994},
  publisher={Cambridge university press}
}

@article{albert2002statistical,
  title={Statistical mechanics of complex networks},
  author={Albert, R{\'e}ka and Barab{\'a}si, Albert-L{\'a}szl{\'o}},
  journal={Reviews of modern physics},
  volume={74},
  number={1},
  pages={47},
  year={2002},
  publisher={APS}
}

@article{wang2002complex,
  title={Complex networks: topology, dynamics and synchronization},
  author={Wang, Xiao Fan},
  journal={International Journal of Bifurcation and Chaos},
  volume={12},
  number={05},
  pages={885--916},
  year={2002},
  publisher={World Scientific}
}

@article{strogatz2001exploring,
  title={Exploring complex networks},
  author={Strogatz, Steven H},
  journal={Nature},
  volume={410},
  number={6825},
  pages={268--276},
  year={2001},
  publisher={Nature Publishing Group}
}

@article{newman2001structure,
  title={The structure of scientific collaboration networks},
  author={Newman, Mark EJ},
  journal={Proceedings of the National Academy of Sciences},
  volume={98},
  number={2},
  pages={404--409},
  year={2001},
  publisher={National Acad Sciences}
}

@article{newman2001best,
  title={Who is the best connected scientist? A study of scientific
coauthorship networks},
  author={Newman, Mark EJ},
  journal={Phys. Rev. E},
  volume={64},
  number={016131},
  year={2001}
}

@article{barabasi2002evolution,
  title={Evolution of the social network of scientific collaborations},
  author={Barab{\^a}si, Albert-Laszlo and Jeong, Hawoong and N{\'e}da,
Zoltan and Ravasz, Erzsebet and Schubert, Andras and Vicsek, Tamas},
  journal={Physica A: Statistical mechanics and its applications},
  volume={311},
  number={3},
  pages={590--614},
  year={2002},
  publisher={Elsevier}
}

@article{vidgen2007sort,
  title={What sort of community is the European Conference on
Information Systems? A social network analysis 1993--2005},
  author={Vidgen, Richard and Henneberg, Stephan and Naud{\'e}, Peter},
  journal={European Journal of Information Systems},
  volume={16},
  number={1},
  pages={5--19},
  year={2007},
  publisher={Springer}
}

@inproceedings{henneberg2007network,
  title={The network researchers' network: A social network analysis of
the IMP Group 1985-2006},
  author={Henneberg, Stephan CM and Ziang, Zhizhong and Naud{\'e}, Peter
and Ormrod, Robert P},
  booktitle={2007 Industrial Marketing and Purchasing Conference},
  year={2007}
}

@article{morlacchi2005social,
  title={Social networks of researchers in B2B marketing: A case study
of the IMP Group 1984--1999},
  author={Morlacchi, Pierra and Wilkinson, Ian F and Young, LC},
  journal={Journal of Business-to-Business Marketing},
  volume={12},
  number={1},
  pages={3--34},
  year={2005},
  publisher={Taylor \& Francis}
}

@article{katz1997research,
  title={What is research collaboration?},
  author={Katz, J Sylvan and Martin, Ben R},
  journal={Research policy},
  volume={26},
  number={1},
  pages={1--18},
  year={1997},
  publisher={Elsevier}
}

@article{yan2009applying,
  title={Applying centrality measures to impact analysis: A coauthorship
network analysis},
  author={Yan, Erjia and Ding, Ying},
  journal={Journal of the American Society for Information Science and
Technology},
  volume={60},
  number={10},
  pages={2107--2118},
  year={2009},
  publisher={Wiley Online Library}
}

@book{burt2009structural,
  title={Structural holes: The social structure of competition},
  author={Burt, Ronald S},
  year={2009},
  publisher={Harvard university press}
}

@article{farmer1996antisocial,
  title={Antisocial and prosocial correlates of classroom social
positions: The social network centrality perspective},
  author={Farmer, Thomas W and Rodkin, Philip C},
  journal={Social Development},
  volume={5},
  number={2},
  pages={174--188},
  year={1996},
  publisher={Wiley Online Library}
}

@inproceedings{tang2008arnetminer,
  title={Arnetminer: extraction and mining of academic social networks},
  author={Tang, Jie and Zhang, Jing and Yao, Limin and Li, Juanzi and
Zhang, Li and Su, Zhong},
  booktitle={Proceedings of the 14th ACM SIGKDD international conference
on Knowledge discovery and data mining},
  pages={990--998},
  year={2008},
  organization={ACM}
}
